@article{Africa,
    author = "Barnabas Ndlovu Gatsheni ; Rengith Baby Kuriakose ; Farhad Aghdasi",
    title = "Automating a student class attendance register using radio frequency identification in South Africa.",
    journal = "",
    volume = "",
    number = "",
    pages = "",
    year = "2007",
    DOI = "10.1109/ICMECH.2007.4279977",
    keywords = "rfid"
}

@article{RFIDemSala,
author = {O. T, ARULOGUN and Olatunbosun, Adeboye and A, Fakolujo and Olayemi Mikail, Olaniyi},
year = {2013},
month = {07},
pages = {},
title = {RFID-Based Students Attendance Management System},
volume = {4},
journal = {International Journal of Engineering and Scientific Research}
}


@article{RFIDFrequencia,
author = {T.S. Lim, S.C. Sim and M.M. Mansor},
title = "AutomatingRFID Based Attendance System.",
journal = {IEEE Symposium on Industrial Electronics and Applications},
volume = "",
number = "",
pages = "",
year = {2009},
DOI = "",
keywords = "Microcontroller; RFID; Universal Serial Bus"
}



@article{QRcode,
author = {Miran H. M. Baban},
title = "Attendance Checking System Using Quick Response Code for Students at the
University of Sulaimaniyah",
journal = {},
volume = "",
number = "",
pages = "",
year = {2014},
DOI = "",
keywords = ""
}


@article{QRcode2,
author = {Fadi .M, Nael .H},
title = "A Students Attendance System Using QR Code",
journal = {},
volume = "",
number = "",
pages = "",
year = {2014},
DOI = "",
keywords = ""
}

@article{BarCode,
author = {Hema .S, Marina .H, Setyawan .W},
title = "Bar Code Scanner Based Student Attendance System (SAS)",
journal = {},
volume = "",
number = "",
pages = "",
year = {2013},
DOI = "",
keywords = ""
}



@article{RFID2,
author = {Xiaolin .J, Quanyuan .F, Taihua .F, Quanshui .L},
title = "RFID Technology and Its Applications in Internet of Things (IOT)",
journal = {},
volume = "",
number = "",
pages = "",
year = {},
DOI = "",
keywords = ""
}